@phdthesis{ghpdiss2018,
        author = {Gus Hahn-Powell},
        publisher = {The University of Arizona},
        year = {2018},
        title = {Machine Reading for Scientific Discovery},
        url = {https://repository.arizona.edu/handle/10150/630562}
}